<record><leader>00000cas a22000007a 4500</leader><controlfield tag="001">35129595</controlfield><controlfield tag="008">960724d19111912okuwr n       0    0eng d</controlfield><datafield ind1=" " ind2=" " tag="010"><subfield code="a">sn 96087952 </subfield></datafield><datafield ind1=" " ind2=" " tag="040"><subfield code="a">OBN</subfield><subfield code="b">eng</subfield><subfield code="c">OBN</subfield><subfield code="d">OCLCQ</subfield><subfield code="d">OCLCF</subfield><subfield code="d">OCLCO</subfield></datafield><datafield ind1="1" ind2=" " tag="029"><subfield code="a">AU@</subfield><subfield code="b">000024814004</subfield></datafield><datafield ind1=" " ind2=" " tag="042"><subfield code="a">msc</subfield></datafield><datafield ind1=" " ind2=" " tag="043"><subfield code="a">n-us-ok</subfield></datafield><datafield ind1="0" ind2="4" tag="245"><subfield code="a">The Dill City times.</subfield></datafield><datafield ind1=" " ind2=" " tag="260"><subfield code="a">Dill, Washita County, Okla. :</subfield><subfield code="b">Dennis Beaver</subfield></datafield><datafield ind1=" " ind2=" " tag="300"><subfield code="a">v.</subfield></datafield><datafield ind1=" " ind2=" " tag="310"><subfield code="a">Weekly</subfield></datafield><datafield ind1="1" ind2=" " tag="362"><subfield code="a">Ceased in 1912.</subfield></datafield><datafield ind1="0" ind2=" " tag="362"><subfield code="a">Vol. 1, no. 1 (Dec. 28, 1911)-</subfield></datafield><datafield ind1=" " ind2="0" tag="651"><subfield code="a">Dill City (Okla.)</subfield><subfield code="v">Newspapers.</subfield></datafield><datafield ind1=" " ind2="0" tag="651"><subfield code="a">Washita County (Okla.)</subfield><subfield code="v">Newspapers.</subfield></datafield><datafield ind1=" " ind2="7" tag="655"><subfield code="a">Newspapers.</subfield><subfield code="2">fast</subfield><subfield code="0">(OCoLC)fst01423814</subfield></datafield><datafield ind1=" " ind2="7" tag="651"><subfield code="a">Oklahoma</subfield><subfield code="z">Dill City.</subfield><subfield code="2">fast</subfield><subfield code="0">(OCoLC)fst01307790</subfield></datafield><datafield ind1=" " ind2="7" tag="651"><subfield code="a">Oklahoma</subfield><subfield code="z">Washita County.</subfield><subfield code="2">fast</subfield><subfield code="0">(OCoLC)fst01208526</subfield></datafield><datafield ind1=" " ind2=" " tag="752"><subfield code="a">United States</subfield><subfield code="b">Oklahoma</subfield><subfield code="c">Washita</subfield><subfield code="d">Dill City.</subfield></datafield><datafield ind1="0" ind2="0" tag="785"><subfield code="t">Washita County standard</subfield><subfield code="w">(DLC)sn 96087953</subfield><subfield code="w">(OCoLC)35129686</subfield></datafield></record>